% This file was created with JabRef 2.10.
% Encoding: Cp1252


@Electronic{Boeck2013,
  Title                    = {Perfect Forward Secrecy: Zukunftssicher per Schlüsselaustausch},

  Address                  = {Klaß \& Ihlenfeld Verlag GmbH
Oranienstr. 164
10969 Berlin},
  Author                   = {Hanno Böck},
  HowPublished             = {Online},
  Language                 = {Deutsch},
  Month                    = {Juni},
  Organization             = {GOLEM.DE - Klaß \& Ihlenfeld Verlag GmbH},
  Url                      = {http://www.golem.de/news/perfect-forward-secrecy-zukunftssicher-per-schluesselaustausch-1306-100090.html},
  Year                     = {2013},

  Owner                    = {A7607991},
  Timestamp                = {2014.05.26}
}

